<record><leader>00000cas a22000007a 4500</leader><controlfield tag="001">17409070</controlfield><controlfield tag="008">880129d18971912iauwr ne      0    0eng d</controlfield><datafield ind1=" " ind2=" " tag="010"><subfield code="a">sn 88059466 </subfield></datafield><datafield ind1=" " ind2=" " tag="040"><subfield code="a">INP</subfield><subfield code="b">eng</subfield><subfield code="c">INP</subfield><subfield code="d">OCLCQ</subfield></datafield><datafield ind1=" " ind2=" " tag="042"><subfield code="a">msc</subfield></datafield><datafield ind1="0" ind2=" " tag="130"><subfield code="a">Kensett news (Kensett, Iowa : 1897)</subfield></datafield><datafield ind1="1" ind2="0" tag="245"><subfield code="a">Kensett news.</subfield></datafield><datafield ind1=" " ind2=" " tag="260"><subfield code="a">Kensett, Iowa :</subfield><subfield code="b">G.C. Poisal,</subfield><subfield code="c">-1912.</subfield></datafield><datafield ind1=" " ind2=" " tag="300"><subfield code="a">v.</subfield></datafield><datafield ind1=" " ind2=" " tag="310"><subfield code="a">Weekly</subfield></datafield><datafield ind1="1" ind2=" " tag="362"><subfield code="a">Began in 1897.</subfield></datafield><datafield ind1="0" ind2=" " tag="362"><subfield code="a">-v. 16, no. 28 (Sept. 26, 1912).</subfield></datafield><datafield ind1=" " ind2=" " tag="500"><subfield code="a">Includes sections called: Joice review, &lt;Jan. 3, 1907&gt;-Sept. 26, 1912; Grafton journal, &lt;Jan. 3, 1907&gt;-Sept. 26, 1912; Manly chronicle, &lt;Apr. 23, 1908&gt;-Sept. 26, 1912.</subfield></datafield><datafield ind1=" " ind2=" " tag="500"><subfield code="a">Publisher varies.</subfield></datafield><datafield ind1=" " ind2=" " tag="588"><subfield code="a">Description based on: Vol. 1, no. 35 (Sept. 1, 1897).</subfield></datafield><datafield ind1="0" ind2=" " tag="730"><subfield code="a">Joice review.</subfield></datafield><datafield ind1="0" ind2=" " tag="730"><subfield code="a">Grafton journal.</subfield></datafield><datafield ind1="0" ind2=" " tag="730"><subfield code="a">Manly chronicle.</subfield></datafield><datafield ind1=" " ind2=" " tag="752"><subfield code="a">United States</subfield><subfield code="b">Iowa</subfield><subfield code="c">Worth</subfield><subfield code="d">Kensett.</subfield></datafield><datafield ind1=" " ind2=" " tag="752"><subfield code="a">United States</subfield><subfield code="b">Iowa</subfield><subfield code="c">Worth</subfield><subfield code="d">Joice.</subfield></datafield><datafield ind1=" " ind2=" " tag="752"><subfield code="a">United States</subfield><subfield code="b">Iowa</subfield><subfield code="c">Worth</subfield><subfield code="d">Grafton.</subfield></datafield><datafield ind1=" " ind2=" " tag="752"><subfield code="a">United States</subfield><subfield code="b">Iowa</subfield><subfield code="c">Worth</subfield><subfield code="d">Manly.</subfield></datafield><datafield ind1="0" ind2="0" tag="785"><subfield code="t">Kensett news and Manly chronicle</subfield><subfield code="w">(DLC)sn 88059467</subfield></datafield></record>